<record><leader>00000cas a22000007a 4500</leader><controlfield tag="001">14252376</controlfield><controlfield tag="008">860923d18311847pauwr ne      0    0eng  </controlfield><controlfield tag="009">466</controlfield><datafield ind1=" " ind2=" " tag="010"><subfield code="a">sn 86071933 </subfield></datafield><datafield ind1=" " ind2=" " tag="040"><subfield code="a">DLC</subfield><subfield code="b">eng</subfield><subfield code="c">DLC</subfield><subfield code="d">NPH</subfield><subfield code="d">DLC</subfield></datafield><datafield ind1="1" ind2=" " tag="029"><subfield code="a">AU@</subfield><subfield code="b">000025794732</subfield></datafield><datafield ind1=" " ind2=" " tag="042"><subfield code="a">msc</subfield></datafield><datafield ind1="0" ind2="0" tag="050"><subfield code="a">Newspaper 9375-X</subfield></datafield><datafield ind1="0" ind2="4" tag="245"><subfield code="a">The Mauch Chunk courier.</subfield></datafield><datafield ind1=" " ind2=" " tag="260"><subfield code="a">Mauch Chunk [i.e., Jim Thorpe], Pa. :</subfield><subfield code="b">A. Sisty,</subfield><subfield code="c">1831-</subfield></datafield><datafield ind1=" " ind2=" " tag="300"><subfield code="a">v. :</subfield><subfield code="b">ill. ;</subfield><subfield code="c">31 cm.</subfield></datafield><datafield ind1=" " ind2=" " tag="310"><subfield code="a">Weekly</subfield></datafield><datafield ind1="0" ind2=" " tag="362"><subfield code="a">Vol. 3, no. 1 (Sept. 12, 1831)-</subfield></datafield><datafield ind1="1" ind2=" " tag="362"><subfield code="a">Ceased in 1847?</subfield></datafield><datafield ind1=" " ind2=" " tag="500"><subfield code="a">The boroughs of Mauch Chunk and East Mauch Chunk merged in 1954, to form, Jim Thorpe.</subfield></datafield><datafield ind1=" " ind2=" " tag="515"><subfield code="a">Suspended with Dec. 20, 1834 issue; resumed with Nov. 23, 1835 issue.</subfield></datafield><datafield ind1=" " ind2=" " tag="752"><subfield code="a">United States</subfield><subfield code="b">Pennsylvania</subfield><subfield code="c">Carbon</subfield><subfield code="d">Jim Thorpe.</subfield></datafield><datafield ind1=" " ind2=" " tag="752"><subfield code="a">United States</subfield><subfield code="b">Pennsylvania</subfield><subfield code="c">Carbon</subfield><subfield code="d">Mauch Chunk.</subfield></datafield><datafield ind1=" " ind2=" " tag="752"><subfield code="a">United States</subfield><subfield code="b">Pennsylvania</subfield><subfield code="c">Northampton</subfield><subfield code="d">Mauch Chunk.</subfield></datafield><datafield ind1=" " ind2=" " tag="752"><subfield code="a">United States</subfield><subfield code="b">Pennsylvania</subfield><subfield code="c">Monroe</subfield><subfield code="d">Mauch Chunk.</subfield></datafield><datafield ind1="0" ind2="0" tag="780"><subfield code="t">Lehigh pioneer and Mauch Chunk courier</subfield><subfield code="w">(DLC)sn 85036110</subfield></datafield><datafield ind1="0" ind2="7" tag="785"><subfield code="t">Carbon County gazette (Jim Thorpe, Pa. : 1844)</subfield><subfield code="w">(DLC)sn 87078556</subfield></datafield><datafield ind1="0" ind2="7" tag="785"><subfield code="t">Carbon County gazette and Mauch Chunk courier</subfield><subfield code="w">(DLC)sn 87078549</subfield></datafield></record>